@article{SUN2021110087,
title = {Worldwide performance assessment of 95 direct and diffuse clear-sky irradiance models using principal component analysis},
journal = {Renewable and Sustainable Energy Reviews},
volume = {135},
pages = {110087},
year = {2021},
issn = {1364-0321},
doi = {https://doi.org/10.1016/j.rser.2020.110087},
author = {Xixi Sun and Jamie M. Bright and Christian A. Gueymard and Xinyu Bai and Brendan Acord and Peng Wang}
}
@article{YANG2019981,
title = {Making reference solar forecasts with climatology, persistence, and their optimal convex combination},
journal = {Solar Energy},
volume = {193},
pages = {981-985},
year = {2019},
issn = {0038-092X},
doi = {https://doi.org/10.1016/j.solener.2019.10.006},
url = {https://www.sciencedirect.com/science/article/pii/S0038092X19309880},
author = {Dazhi Yang},
}
@article{Gneiting2011,
 ISSN = {01621459},
 URL = {http://www.jstor.org/stable/41416407},
 author = {Tilmann Gneiting},
 journal = {Journal of the American Statistical Association},
 number = {494},
 pages = {746--762},
 publisher = {Taylor \& Francis, Ltd.},
 title = {Making and Evaluating Point Forecasts},
 volume = {106},
 year = {2011},
 doi = {https://doi.org/10.2307/41416407}
}
@article{MAKRIDAKIS1993527,
title = {Accuracy measures: theoretical and practical concerns},
journal = {International Journal of Forecasting},
volume = {9},
number = {4},
pages = {527-529},
year = {1993},
issn = {0169-2070},
doi = {https://doi.org/10.1016/0169-2070(93)90079-3},
author = {Spyros Makridakis}
}
@article{HYNDMAN2006679,
title = {Another look at measures of forecast accuracy},
journal = {International Journal of Forecasting},
volume = {22},
number = {4},
pages = {679-688},
year = {2006},
issn = {0169-2070},
doi = {https://doi.org/10.1016/j.ijforecast.2006.03.001},
author = {Rob J. Hyndman and Anne B. Koehler}
}
@article{YANG202020,
title = {Verification of deterministic solar forecasts},
journal = {Solar Energy},
volume = {210},
pages = {20-37},
year = {2020},
note = {Special Issue on Grid Integration},
issn = {0038-092X},
doi = {https://doi.org/10.1016/j.solener.2020.04.019},
author = {Dazhi Yang and Stefano Alessandrini and Javier Antonanzas and Fernando Antonanzas-Torres and Viorel Badescu and Hans Georg Beyer and Robert Blaga and John Boland and Jamie M. Bright and Carlos F.M. Coimbra and Mathieu David and Azeddine Frimane and Christian A. Gueymard and Tao Hong and Merlinde J. Kay and Sven Killinger and Jan Kleissl and Philippe Lauret and Elke Lorenz and Dennis {van der Meer} and Marius Paulescu and Richard Perez and Oscar Perpi{\~n}{\'a}n-Lamigueiro and Ian Marius Peters and Gordon Reikard and David Renn{\'e} and Yves-Marie Saint-Drenan and Yong Shuai and Ruben Urraca and Hadrien Verbois and Frank Vignola and Cyril Voyant and Jie Zhang},
}
@book{hyndman_forecasting_2018,
title = {Forecasting: Methods and Applications, 3rd Ed},
author = {Spyros Makridakis and Steven Wheelwright and Hyndman Rob},
year = {1997},
isbn = {0-471-53233-9},
publisher = {Wiley},
address = {United States of America}
}

@article{article3,
author = {Agathangelou, Pantelis and Trihinas, Demetris and Katakis, Ioannis},
year = {2020},
pages = {41},
title = {A Multi-Factor Analysis of Forecasting Methods: A Study on the M4 Competition},
volume = {5},
journal = {Data},
doi = {10.3390/data5020041}
}
@article{article4,
author = {Makridakis, Spyros and Spiliotis, Evangelos and Assimakopoulos, Vassilis},
year = {2018},
title = {The M4 Competition: Results, findings, conclusion and way forward},
volume = {34},
journal = {International Journal of Forecasting},
doi = {10.1016/j.ijforecast.2018.06.001}
}
@misc{makridakis2021future,
      title={The future of forecasting competitions: Design attributes and principles}, 
      author={Spyros Makridakis and Chris Fry and Fotios Petropoulos and Evangelos Spiliotis},
      year={2021},
      eprint={2102.04879},
      archivePrefix={arXiv},
      primaryClass={stat.AP}
}
@article{article5,
author = {Petropoulos, Fotios and Svetunkov, Ivan},
year = {2018},
month = {12},
title = {A Simple Combination of Univariate Models},
journal = {International Journal of Forecasting},
doi = {10.1016/j.ijforecast.2019.01.006}
}
@article{article6,
author = {Bojer, Casper Solheim and Meldgaard, Jens Peder},
year = {2020},
month = {09},
pages = {},
title = {Kaggle forecasting competitions: An overlooked learning opportunity},
volume = {37},
journal = {International Journal of Forecasting},
doi = {10.1016/j.ijforecast.2020.07.007}
}
@article{article7,
author = {Fiorucci, Jose and Pellegrini, Tiago and Louzada, Francisco and Petropoulos, Fotios and Koehler, Anne},
year = {2016},
month = {02},
title = {Models for optimising the theta method and their relationship to state space models},
volume = {32},
journal = {International Journal of Forecasting},
doi = {10.1016/j.ijforecast.2016.02.005}
}
@article{ineichen_broadband_2008,
	title = {A broadband simplified version of the Solis clear sky model},
	volume = {82},
	issn = {0038-092X},
	doi = {https://doi.org/10.1016/j.solener.2008.02.009},
	number = {8},
	journal = {Solar Energy},
	author = {Ineichen, Pierre},
	year = {2008},
	keywords = {Clear sky, Irradiance modeling, Radiative transfer, Solis model},
	pages = {758-762}
}
@Article{Lefevre2013,
AUTHOR = {Lef\`evre, M. and Oumbe, A. and Blanc, P. and Espinar, B. and Gschwind, B. and Qu, Z. and Wald, L. and Schroedter-Homscheidt, M. and Hoyer-Klick, C. and Arola, A. and Benedetti, A. and Kaiser, J. W. and Morcrette, J.-J.},
TITLE = {{McClear}: a new model estimating downwelling solar radiation at ground level in clear-sky conditions},
JOURNAL = {Atmospheric Measurement Techniques},
VOLUME = {6},
YEAR = {2013},
NUMBER = {9},
PAGES = {2403-2418},
URL = {https://www.atmos-meas-tech.net/6/2403/2013/},
DOI = {http://dx.doi.org/10.5194/amt-6-2403-2013}
}
@article{EISSA201517,
title = {Validating surface downwelling solar irradiances estimated by the McClear model under cloud-free skies in the United Arab Emirates},
journal = {Solar Energy},
volume = {114},
pages = {17-31},
year = {2015},
issn = {0038-092X},
doi = {https://doi.org/10.1016/j.solener.2015.01.017},
author = {Yehia Eissa and Saima Munawwar and Armel Oumbe and Philippe Blanc and Hosni Ghedira and Lucien Wald and Hélène Bru and Dominique Goffe},
}
@article{ASCENCIOVASQUEZ2019672,
title = {Methodology of Koppen-Geiger-Photovoltaic climate classification and implications to worldwide mapping of PV system performance},
journal = {Solar Energy},
volume = {191},
pages = {672-685},
year = {2019},
issn = {0038-092X},
doi = {https://doi.org/10.1016/j.solener.2019.08.072},
author = {Julian Ascencio-Vasquez and Kristijan Brecl and Marko Topic},
}
@article{doi:10.1063/5.0042710,
author = {Voyant,Cyril  and Lauret,Philippe  and Notton,Gilles  and Duchaud,Jean-Laurent  and Fouilloy,Alexis  and David,Mathieu  and Yaseen,Zaher Mundher  and Soubdhan,Ted },
title = {A Monte Carlo based solar radiation forecastability estimation},
journal = {Journal of Renewable and Sustainable Energy},
volume = {13},
number = {2},
pages = {026501},
year = {2021},
doi = {10.1063/5.0042710},
}

@inproceedings{espinar_quality_2012,
	address = {Vienna, Austria},
	title = {On quality control procedures for solar radiation and meteorological measures, from subhourly to montly average time periods},
	url = {http://adsabs.harvard.edu/abs/2012EGUGA..14.9134E},
	urldate = {2020-05-12},
	booktitle = {European {Geosciences} {Union} 2012},
	author = {Espinar, B. and Blanc, P. and Wald, L. and Hoyer-Klick, C. and Schroedter-Homscheidt, M. and Wanderer, T.},
	year = {2012},
	pages = {9134},
	}
	
@article{article8,
author = {Castle, Jennifer and Doornik, Jurgen and Hendry, David},
year = {2021},
pages = {138-165},
title = {Forecasting Principles from Experience with Forecasting Competitions},
volume = {3},
journal = {Forecasting},
doi = {10.3390/forecast3010010}
}
@article{murphy_climatology_1992,
	title = {Climatology, Persistence, and Their Linear Combination as Standards of Reference in Skill Scores},
	volume = {7},
	issn = {1520-0434, 0882-8156},
	doi = {10.1175/1520-0434(1992)007<0692:CPATLC>2.0.CO;2},
	number = {4},
	journal = {Weather and Forecasting},
	author = {Murphy, Allan H.},
	year = {1992},
	pages = {692-698},
}
@article{DONG20131104,
title = {Short-term solar irradiance forecasting using exponential smoothing state space model},
journal = {Energy},
volume = {55},
pages = {1104-1113},
year = {2013},
issn = {0360-5442},
doi = {https://doi.org/10.1016/j.energy.2013.04.027},
author = {Zibo Dong and Dazhi Yang and Thomas Reindl and Wilfred M. Walsh},
}
@article{david_evaluating_2013,
	title = {Evaluating tilted plane models for solar radiation using comprehensive testing procedures, at a southern hemisphere location},
	volume = {51},
	issn = {0960-1481},
	doi = {10.1016/j.renene.2012.08.074},
	journal = {Renewable Energy},
	author = {David, Mathieu and Lauret, Philippe and Boland, John},
	year = {2013},
	pages = {124-131},
}
@Article{en13143565,
AUTHOR = {Duchaud, Jean-Laurent and Voyant, Cyril and Fouilloy, Alexis and Notton, Gilles and Nivet, Marie-Laure},
TITLE = {Trade-Off between Precision and Resolution of a Solar Power Forecasting Algorithm for Micro-Grid Optimal Control},
JOURNAL = {Energies},
VOLUME = {13},
YEAR = {2020},
NUMBER = {14},
ARTICLE-NUMBER = {3565},
URL = {https://www.mdpi.com/1996-1073/13/14/3565},
ISSN = {1996-1073},
DOI = {10.3390/en13143565}
}
@article{inbook1,
    author = {Gomez, David and Rojas, Alfonso},
    title = {An Empirical Overview of the No Free Lunch Theorem and Its Effect on Real-World Machine Learning Classification},
    journal = {Neural Computation},
    volume = {28},
    number = {1},
    pages = {216-228},
    year = {2016},
    issn = {0899-7667},
    doi = {10.1162/NECO.a.00793},
}
@incollection{SPILIOTIS202159,
title = {Chapter 4 - Forecasting week-ahead hourly electricity prices in Belgium with statistical and machine learning methods},
editor = {Athanasios Dagoumas},
booktitle = {Mathematical Modelling of Contemporary Electricity Markets},
publisher = {Academic Press},
pages = {59-74},
year = {2021},
isbn = {978-0-12-821838-9},
doi = {https://doi.org/10.1016/B978-0-12-821838-9.00005-0},
author = {Evangelos Spiliotis and Haris Doukas and Vassilios Assimakopoulos and Fotios Petropoulos},
keywords = {Electricity price forecasting, Neural networks, Exponential smoothing, ARIMA, Forecasting accuracy},
}
@article{Hynd2008,
author = {Hyndman, Rob and Khandakar, Yeasmin},
year = {2008},
month = {07},
pages = {},
title = {Automatic Time Series Forecasting: The forecast Package for R},
volume = {26},
journal = {Journal of Statistical Software},
doi = {10.18637/jss.v027.i03}
}
@article{articleCQ,
author = {el Alani, Omaima and Ghennioui, Hicham and Ghennioui, Abdellatif and Saint-Drenan, Yves-Marie and Blanc, Philippe and Hanrieder, Natalie and Dahr, Fatima-Ezzahra},
year = {2021},
month = {02},
pages = {401-414},
title = {A Visual Support of Standard Procedures for Solar Radiation Quality Control},
volume = {10},
journal = {International Journal of Renewable Energy Development},
doi = {10.14710/ijred.2021.34806}
}

@article{agro,
author = {Ball, Rosalind A. and Purcell, Larry C. and Carey, Sean K.},
title = {Evaluation of Solar Radiation Prediction Models in North America},
journal = {Agronomy Journal},
volume = {96},
number = {2},
pages = {391-397},
doi = {https://doi.org/10.2134/agronj2004.3910},
eprint = {https://acsess.onlinelibrary.wiley.com/doi/pdf/10.2134/agronj2004.3910},
year = {2004}
}

@INPROCEEDINGS{6925204,
  author={R. {Perez} and A. {Kankiewicz} and J. {Schlemmer} and K. {Hemker} and S. {Kivalov}},
  booktitle={2014 IEEE 40th Photovoltaic Specialist Conference (PVSC)}, 
  title={A new operational solar resource forecast model service for PV fleet simulation}, 
  year={2014},
  volume={},
  number={},
  pages={0069-0074},
  doi={10.1109/PVSC.2014.6925204}
  }
  
  @article{elke,
author = {Lorenz, Elke and Remund, Jan and Müller, Stefan and Traunmüller, Wolfgang and Steinmaurer, Gerald and Pozo-Vazquez, D. and Ruiz-Arias, Jose and Lara Fanego, Vicente and Santigosa, L. and Gastón, Martín and Kurz, Christian and Martín Pomares, Luis and Geijo, Carlos},
year = {2009},
month = {01},
pages = {},
title = {Benchmarking of different approaches to forecast solar irradiance},
journal = {24th European Photovoltaic Solar Energy Conference}
}

@ARTICLE{175742,
  author={ {Hui-Min Zhang} and P. {Duhamel}},
  journal={IEEE Transactions on Signal Processing}, 
  title={On the methods for solving Yule-Walker equations}, 
  year={1992},
  volume={40},
  number={12},
  pages={2987-3000},
  doi={10.1109/78.175742}}
  
  @book{MakridakisSpyrosG1998F,
publisher = {Wiley},
isbn = {0-471-53233-9},
year = {1998},
title = {Forecasting : methods and applications},
edition = {3rd ed..},
language = {eng},
author = {Makridakis, Spyros G},
keywords = {Forecasting -- Statistical methods},
}

@article{metrics,
author = {Koutsandreas, Diamantis and Spiliotis, Evangelos and Petropoulos, Fotios and Assimakopoulos, Vassilis},
year = {2021},
month = {04},
pages = {1-18},
title = {On the selection of forecasting accuracy measures},
journal = {Journal of the Operational Research Society},
doi = {10.1080/01605682.2021.1892464}
}
@article{HONG2016896,
title = {Probabilistic energy forecasting: Global Energy Forecasting Competition 2014 and beyond},
journal = {International Journal of Forecasting},
volume = {32},
number = {3},
pages = {896-913},
year = {2016},
issn = {0169-2070},
doi = {https://doi.org/10.1016/j.ijforecast.2016.02.001},
url = {https://www.sciencedirect.com/science/article/pii/S0169207016000133},
author = {Tao Hong and Pierre Pinson and Shu Fan and Hamidreza Zareipour and Alberto Troccoli and Rob J. Hyndman},
}
@article{pinson1,
author = {Sweeney, Conor and Bessa, Ricardo J. and Browell, Jethro and Pinson, Pierre},
title = {The future of forecasting for renewable energy},
journal = {WIREs Energy and Environment},
volume = {9},
number = {2},
pages = {e365},
keywords = {business models, industry challenges, numerical weather prediction, renewable energy, statistical modelling},
doi = {https://doi.org/10.1002/wene.365},
url = {https://onlinelibrary.wiley.com/doi/abs/10.1002/wene.365},
eprint = {https://onlinelibrary.wiley.com/doi/pdf/10.1002/wene.365},
year = {2020}
}
@article{HONG2014357,
title = {Global Energy Forecasting Competition 2012},
journal = {International Journal of Forecasting},
volume = {30},
number = {2},
pages = {357-363},
year = {2014},
issn = {0169-2070},
doi = {https://doi.org/10.1016/j.ijforecast.2013.07.001},
url = {https://www.sciencedirect.com/science/article/pii/S0169207013000745},
author = {Tao Hong and Pierre Pinson and Shu Fan},
}
@article{Giebel_2016,
	doi = {10.1088/1742-6596/753/3/032042},
	url = {https://doi.org/10.1088/1742-6596/753/3/032042},
	year = 2016,
	month = {sep},
	publisher = {{IOP} Publishing},
	volume = {753},
	pages = {032042},
	author = {G Giebel and J Cline and H Frank and W Shaw and P Pinson and B-M Hodge and G Kariniotakis and J Madsen and C Möhrlen},
	title = {Wind power forecasting: {IEA} Wind Task 36 {\&} future research issues},
	journal = {Journal of Physics: Conference Series},
}
@article{CORCHADO1999351,
title = {Unsupervised neural method for temperature forecasting},
journal = {Artificial Intelligence in Engineering},
volume = {13},
number = {4},
pages = {351-357},
year = {1999},
issn = {0954-1810},
doi = {https://doi.org/10.1016/S0954-1810(99)00007-2},
url = {https://www.sciencedirect.com/science/article/pii/S0954181099000072},
author = {J.M. Corchado and C. Fyfe},
}
@article{DEGOOIJER2006443,
title = {25 years of time series forecasting},
journal = {International Journal of Forecasting},
volume = {22},
number = {3},
pages = {443-473},
year = {2006},
note = {Twenty five years of forecasting},
issn = {0169-2070},
doi = {https://doi.org/10.1016/j.ijforecast.2006.01.001},
url = {https://www.sciencedirect.com/science/article/pii/S0169207006000021},
author = {Jan G. {De Gooijer} and Rob J. Hyndman},
}
@article{CHATFIELD1988411,
title = {The future of the time-series forecasting},
journal = {International Journal of Forecasting},
volume = {4},
number = {3},
pages = {411-419},
year = {1988},
note = "{Special Issue on: The Future of Forecasting}",
issn = {0169-2070},
doi = {https://doi.org/10.1016/0169-2070(88)90108-2},
url = {https://www.sciencedirect.com/science/article/pii/0169207088901082},
author = {Chris Chatfield},
}
@InProceedings{10.1007/BFb0067700,
author="Mor{\'e}, Jorge J.",
editor="Watson, G. A.",
title="The Levenberg-Marquardt algorithm: Implementation and theory",
booktitle="Numerical Analysis",
year="1978",
publisher="Springer Berlin Heidelberg",
address="Berlin, Heidelberg",
pages="105--116",
isbn="978-3-540-35972-2"
}
@article{FLIESS2018519,
title = {Prediction bands for solar energy: New short-term time series forecasting techniques},
journal = {Solar Energy},
volume = {166},
pages = {519-528},
year = {2018},
issn = {0038-092X},
doi = {https://doi.org/10.1016/j.solener.2018.03.049},
url = {https://www.sciencedirect.com/science/article/pii/S0038092X18302810},
author = {Michel Fliess and Cédric Join and Cyril Voyant},
}
@article{SOUBDHAN2016246,
title = {A robust forecasting framework based on the Kalman filtering approach with a twofold parameter tuning procedure: Application to solar and photovoltaic prediction},
journal = {Solar Energy},
volume = {131},
pages = {246-259},
year = {2016},
issn = {0038-092X},
doi = {https://doi.org/10.1016/j.solener.2016.02.036},
url = {https://www.sciencedirect.com/science/article/pii/S0038092X16001444},
author = {Ted Soubdhan and Joseph Ndong and Hanany Ould-Baba and Minh-Thang Do},
}
@article{VOYANT2018121,
title = {Periodic autoregressive forecasting of global solar irradiation without knowledge-based model implementation},
journal = {Solar Energy},
volume = {174},
pages = {121-129},
year = {2018},
issn = {0038-092X},
doi = {https://doi.org/10.1016/j.solener.2018.08.076},
url = {https://www.sciencedirect.com/science/article/pii/S0038092X18308466},
author = {Cyril Voyant and Jan G. {De Gooijer} and Gilles Notton},
}
@article{NOTTON201896,
title = {Intermittent and stochastic character of renewable energy sources: Consequences, cost of intermittence and benefit of forecasting},
journal = {Renewable and Sustainable Energy Reviews},
volume = {87},
pages = {96-105},
year = {2018},
issn = {1364-0321},
doi = {https://doi.org/10.1016/j.rser.2018.02.007},
url = {https://www.sciencedirect.com/science/article/pii/S1364032118300327},
author = {Gilles Notton and Marie-Laure Nivet and Cyril Voyant and Christophe Paoli and Christophe Darras and Fabrice Motte and Alexis Fouilloy},
keywords = {Photovoltaic systems, Wind energy systems, Production prediction, Cost effectiveness},
}
@article{DAVID2021672,
title = {Value of deterministic day-ahead forecasts of PV generation in PV + Storage operation for the Australian electricity market},
journal = {Solar Energy},
volume = {224},
pages = {672-684},
year = {2021},
issn = {0038-092X},
doi = {https://doi.org/10.1016/j.solener.2021.06.011},
url = {https://www.sciencedirect.com/science/article/pii/S0038092X21004862},
author = {Mathieu David and John Boland and Luigi Cirocco and Philippe Lauret and Cyril Voyant},
keywords = {Large-scale PV, Energy storage, Solar forecasting assessment, Operation scheduling, Optimization, Electricity market, Forecast value},
}
@Article{vuilleumier2017,
author = "Vuilleumier, Laurent and F{\'e}lix, Christian and Vignola, Frank and Blanc, Philippe and Badosa, Jordi and Kazantzidis, Andreas and Calpini, Bertrand",
journal = "Meteorologische Zeitschrift",
month = 11,
year = 2017,
title = "Performance Evaluation of Radiation Sensors for the Solar Energy Sector",
number = "5",
volume = "26",
pages = {485-505},
url = "http://dx.doi.org/10.1127/metz/2017/0836",
doi = "10.1127/metz/2017/0836",
publisher = "Schweizerbart Science Publishers",
address = "Stuttgart, Germany"
}
@article{doi:10.1063/5.0003495,
author = {Yang,Dazhi },
title = {Choice of clear-sky model in solar forecasting},
journal = {Journal of Renewable and Sustainable Energy},
volume = {12},
number = {2},
pages = {026101},
year = {2020},
doi = {10.1063/5.0003495},

URL = { 
        https://doi.org/10.1063/5.0003495
    
},
eprint = { 
        https://doi.org/10.1063/5.0003495
    
}

}
@article{doi:10.1063/1.5114985,
author = {Yang,Dazhi },
title = {Standard of reference in operational day-ahead deterministic solar           forecasting},
journal = {Journal of Renewable and Sustainable Energy},
volume = {11},
number = {5},
pages = {053702},
year = {2019},
doi = {10.1063/1.5114985},

URL = { 
        https://doi.org/10.1063/1.5114985
    
},
eprint = { 
        https://doi.org/10.1063/1.5114985
   
}
}
@article{YANG2019410,
title = {A universal benchmarking method for probabilistic solar irradiance forecasting},
journal = {Solar Energy},
volume = {184},
pages = {410-416},
year = {2019},
issn = {0038-092X},
doi = {https://doi.org/10.1016/j.solener.2019.04.018},
url = {https://www.sciencedirect.com/science/article/pii/S0038092X19303457},
author = {Dazhi Yang},
keywords = {Universal benchmark, Probabilistic solar forecasting, Persistence ensemble, Operational forecasting, SURFRAD},
}
@ARTICLE{9218967,
  author={Hong, Tao and Pinson, Pierre and Wang, Yi and Weron, Rafał and Yang, Dazhi and Zareipour, Hamidreza},
  journal={IEEE Open Access Journal of Power and Energy}, 
  title={Energy Forecasting: A Review and Outlook}, 
  year={2020},
  volume={7},
  number={},
  pages={376-388},
  doi={10.1109/OAJPE.2020.3029979}}
  
  




@article{doi:10.1063/1.5094494,
author = {Pedro,Hugo T. C.  and Larson,David P.  and Coimbra,Carlos F. M. },
title = {A comprehensive dataset for the accelerated development and benchmarking of           solar forecasting methods},
journal = {Journal of Renewable and Sustainable Energy},
volume = {11},
number = {3},
pages = {036102},
year = {2019},
doi = {10.1063/1.5094494},
URL = { 
        https://doi.org/10.1063/1.5094494
  
},
eprint = { 
        https://doi.org/10.1063/1.5094494
   
}

}
@Incollection{Bontempi2013,
author="Bontempi, Gianluca
and Ben Taieb, Souhaib
and Le Borgne, Yann-A{\"e}l",
editor="Aufaure, Marie-Aude
and Zim{\'a}nyi, Esteban",
title="Machine Learning Strategies for Time Series Forecasting",
booktitle="Business Intelligence: Second European Summer School, eBISS 2012, Brussels, Belgium, July 15-21, 2012, Tutorial Lectures",
year="2013",
publisher="Springer Berlin Heidelberg",
address="Berlin, Heidelberg",
pages="62--77",
isbn="978-3-642-36318-4",
doi="10.1007/978-3-642-36318-4_3",
url="https://doi.org/10.1007/978-3-642-36318-4_3"
}
@article{Taieb2012RecursiveAD,
  title={Recursive and direct multi-step forecasting: the best of both worlds},
  author={Souhaib Ben Taieb and Rob J. Hyndman},
 journal =  {Monash University, Department of Econometrics and business statistics, Tech. Rep.},
  year={2012},
}



